@article{1,
AUTHOR = {Vanchurin, Vitaly},
TITLE = {The World as a Neural Network},
JOURNAL = {Entropy},
VOLUME = {22},
YEAR = {2020},
NUMBER = {11},
ARTICLE-NUMBER = {1210},
URL = {https://www.mdpi.com/1099-4300/22/11/1210},
ISSN = {1099-4300},
DOI = {10.3390/e22111210}
}

@online{6,
  title = {Svemir je kao ogroman ljudski mozak, tvrde nauƒçnici},
  url = {https://www.rts.rs/page/magazine/sr/story/2523/nauka/4154596/svemir-ljudski-mozak-istrazivanje-slicnosti.html},
  urldate = {2022-10-28}
}
@online{7,
title = {Physicist: The Entire Universe Might Be a Neural Network},
url = {https://futurism.com/physicist-entire-universe-neural-network},
urldate = {2022-10-28}
}